<record><leader>00000cas a22000007a 4500</leader><controlfield tag="001">11711734</controlfield><controlfield tag="008">850220d19011905wiuwr ne      0    0eng d</controlfield><datafield ind1=" " ind2=" " tag="010"><subfield code="a">sn 85040248 </subfield></datafield><datafield ind1=" " ind2=" " tag="040"><subfield code="a">NPV</subfield><subfield code="b">eng</subfield><subfield code="c">NPV</subfield><subfield code="d">OCLCQ</subfield></datafield><datafield ind1=" " ind2=" " tag="042"><subfield code="a">msc</subfield></datafield><datafield ind1="0" ind2="4" tag="245"><subfield code="a">The Gates County journal.</subfield></datafield><datafield ind1=" " ind2=" " tag="260"><subfield code="a">Ladysmith (formerly Warner), Gates County, Wis. :</subfield><subfield code="b">D.H. Richards,</subfield><subfield code="c">1901-1905.</subfield></datafield><datafield ind1=" " ind2=" " tag="300"><subfield code="a">5 v. :</subfield><subfield code="b">ill.</subfield></datafield><datafield ind1=" " ind2=" " tag="310"><subfield code="a">Weekly</subfield></datafield><datafield ind1="0" ind2=" " tag="362"><subfield code="a">Vol. 2, no. 35 (Dec. 28, 1901)-v. 6, no. 29 (Nov. 18, 1905).</subfield></datafield><datafield ind1=" " ind2=" " tag="752"><subfield code="a">United States</subfield><subfield code="b">Wisconsin</subfield><subfield code="c">Rusk</subfield><subfield code="d">Ladysmith.</subfield></datafield><datafield ind1="0" ind2="0" tag="780"><subfield code="t">Weekly journal (Ladysmith, Wis.)</subfield><subfield code="w">(DLC)sn 85040247</subfield></datafield><datafield ind1="0" ind2="0" tag="785"><subfield code="t">Rusk County journal</subfield><subfield code="w">(DLC)sn 85040249</subfield></datafield></record>